<?xml version="1.0" encoding="UTF-8"?><collection xmlns="http://www.loc.gov/MARC21/slim"><record><leader>00391nam--2200133-i-4500</leader><controlfield tag="001">000040593</controlfield><controlfield tag="002">20161230</controlfield><controlfield tag="005">20161230201042</controlfield><controlfield tag="008">060222s1000------------r-----000-0-eng-d</controlfield><datafield ind1=" " ind2=" " tag="080"><subfield code="a">512.942+512.972</subfield></datafield><datafield ind1=" " ind2=" " tag="100"><subfield code="a">Schmidt,Harry</subfield></datafield><datafield ind1=" " ind2=" " tag="245"><subfield code="a">Einfuhrung in die vektor und tensorrecnung unter besonderer berucksichtigung ihrer physik...</subfield></datafield><datafield ind1=" " ind2=" " tag="260"><subfield code="a">Berlin, Veb Verlag Technik, 1955</subfield></datafield><datafield ind1=" " ind2=" " tag="852"><subfield code="a">11202</subfield></datafield></record></collection>